@article{FOO,
  title = "A random article",
  author = "Author One and Two",
  journal = "Journal",
  number = "42",
  volume = "7",
  pages = "42-43",
  year = "1337"
}
